<record><leader>00000cas a2200000 a 4500</leader><controlfield tag="001">8023178</controlfield><controlfield tag="008">811228d18341841nyuwr ne      0    0eng c</controlfield><datafield ind1=" " ind2=" " tag="010"><subfield code="a">sn 83030289 </subfield></datafield><datafield ind1=" " ind2=" " tag="040"><subfield code="a">YHM</subfield><subfield code="b">eng</subfield><subfield code="c">YHM</subfield><subfield code="d">NYS</subfield><subfield code="d">NPU</subfield><subfield code="d">NPX</subfield><subfield code="d">NYS</subfield><subfield code="d">NSD</subfield><subfield code="d">NYS</subfield><subfield code="d">YOX</subfield><subfield code="d">NVF</subfield><subfield code="d">OCL</subfield><subfield code="d">CVF</subfield><subfield code="d">OCLCG</subfield><subfield code="d">KRTAS</subfield><subfield code="d">OCLCQ</subfield><subfield code="d">OCLCF</subfield><subfield code="d">OCLCO</subfield><subfield code="d">NLC</subfield></datafield><datafield ind1=" " ind2=" " tag="016"><subfield code="a">(AMICUS)000014243308</subfield></datafield><datafield ind1="1" ind2=" " tag="029"><subfield code="a">AU@</subfield><subfield code="b">000025823232</subfield></datafield><datafield ind1=" " ind2=" " tag="042"><subfield code="a">pcc</subfield></datafield><datafield ind1=" " ind2=" " tag="043"><subfield code="a">n-us-ny</subfield></datafield><datafield ind1="0" ind2=" " tag="130"><subfield code="a">New-Yorker (New York, N.Y. : 1834)</subfield></datafield><datafield ind1="1" ind2="4" tag="245"><subfield code="a">The New-Yorker.</subfield></datafield><datafield ind1=" " ind2=" " tag="250"><subfield code="a">[Folio ed.].</subfield></datafield><datafield ind1=" " ind2=" " tag="260"><subfield code="a">New-York [N.Y.] :</subfield><subfield code="b">H. Greeley &amp; Co.,</subfield><subfield code="c">1834-1841.</subfield></datafield><datafield ind1=" " ind2=" " tag="300"><subfield code="a">8 v. ;</subfield><subfield code="c">60 cm.</subfield></datafield><datafield ind1=" " ind2=" " tag="310"><subfield code="a">Weekly</subfield></datafield><datafield ind1="0" ind2=" " tag="362"><subfield code="a">Vol. 1, no. 1 (Mar. 22, 1834)-v. 8, no. 29 (Sept. 11, 1841).</subfield></datafield><datafield ind1=" " ind2=" " tag="500"><subfield code="a">Published on Saturday.</subfield></datafield><datafield ind1=" " ind2=" " tag="500"><subfield code="a">Printers: Greeley &amp; Winchester, &lt;1834&gt;.</subfield></datafield><datafield ind1=" " ind2=" " tag="500"><subfield code="a">Editor: Horace Greeley.</subfield></datafield><datafield ind1=" " ind2="0" tag="651"><subfield code="a">New York (N.Y.)</subfield><subfield code="v">Newspapers.</subfield></datafield><datafield ind1=" " ind2="7" tag="655"><subfield code="a">Newspapers.</subfield><subfield code="2">fast</subfield><subfield code="0">(OCoLC)fst01423814</subfield></datafield><datafield ind1=" " ind2="7" tag="651"><subfield code="a">New York (State)</subfield><subfield code="z">New York.</subfield><subfield code="2">fast</subfield><subfield code="0">(OCoLC)fst01204333</subfield></datafield><datafield ind1="1" ind2=" " tag="700"><subfield code="a">Greeley, Horace,</subfield><subfield code="d">1811-1872.</subfield></datafield><datafield ind1=" " ind2=" " tag="752"><subfield code="a">United States</subfield><subfield code="b">New York</subfield><subfield code="c">New York</subfield><subfield code="d">New York.</subfield></datafield><datafield ind1="1" ind2=" " tag="775"><subfield code="t">New-Yorker (New York, N.Y. : 1836)</subfield><subfield code="w">(DLC)sn 86091368</subfield><subfield code="w">(OCoLC)1588060</subfield></datafield><datafield ind1="0" ind2="7" tag="785"><subfield code="t">New-Yorker (New York, N.Y. : 1836)</subfield><subfield code="w">(DLC)sn 86091368</subfield><subfield code="w">(OCoLC)1588060</subfield></datafield><datafield ind1="0" ind2="7" tag="785"><subfield code="t">New-York weekly tribune</subfield><subfield code="x">1052-7389</subfield><subfield code="w">(DLC)sn 83030280</subfield><subfield code="w">(OCoLC)4899480</subfield></datafield><datafield ind1=" " ind2=" " tag="938"><subfield code="a">Kirtas Technologies, Inc.</subfield><subfield code="b">KRTS</subfield><subfield code="n">735906</subfield></datafield></record>